%%%%%%%%%%%%%%%%%%%%%%%%%%%%%%%%%%%%%%%%%%%%%%%%%%
%%%%%%%%%% A
%%%%%%%%%%%%%%%%%%%%%%%%%%%%%%%%%%%%%%%%%%%%%%%%%%

@inproceedings{alexandre:2007.factores,
    title			= {Factores da Percepção Visual Humana na Visualização de Dados},
    author			= {Alexandre, Dulclerci Sternadt and Tavares, JMRS},
    booktitle		={CMNE 2007-Congresso de Métodos Numéricos em Engenharia, XXVIII CILAMCE-Congresso Ibero Latino-Americano sobre Métodos Computacionais em Engenharia, Porto, PT},
    year			={2007}
}

@phdthesis{almeida:2006.modelo,
    title           = {Um Modelo Baseado em Ontologias para Representação da Memória Organizacional},
    author          = {Maurício Barcellos Almeida},
    year            = {2006},
    school          = {Universidade Federal de Minas Gerais},
    address	        = {Belo Horizonte}
}

@article{arango:1994.domain,
    title           = {Domain Analysis Methods},
    author          = {Guillermo Arango},
    journal         = {Software Reusability},
    pages           = {17--49},
    year            = {1994},
    publisher       = {Chichester, England: Ellis Horwood}
}

@article{aranalde:2009.reflexoes,
    title           = {Reflexões Sobre os Sistemas Categoriais de Aristóteles, Kant e Ranganathan},
    author          = {Aranalde, Michel Maya},
    journal         = {Ciência da Informação},
    volume          = {38},
    number          = {1},
    pages           = {86--108},
    year            = {2009},
    publisher       = {SciELO Brasil}
}


@article{araujo:2009.fundamentos,
    title           = {Fundamentos Teóricos da Classificação},
    author          = {Araújo, Carlos Alberto Ávila},
    journal         = {Encontros Bibli},
    pages           = {117--140},
    year            = {2009}
}

@article{artencio:2012.sobre,
    title           = {Sobre as influências Sócio-Culturais da categorização nas Linguagens Documentárias},
    author          = {Artêncio, Luciane Maria},
    year            = {2012}
}


@article{alvarenga:2003.representacao,
  title={Representa{\c{c}}{\~a}o do conhecimento na perspectiva da ci{\^e}ncia da informa{\c{c}}{\~a}o em tempo e espa{\c{c}}o digitais 10.5007/1518-2924.2003 v8n15p18},
  author={Alvarenga, L{\'\i}dia},
  journal={Encontros Bibli: revista eletr{\^o}nica de biblioteconomia e ci{\^e}ncia da informa{\c{c}}{\~a}o},
  volume={8},
  number={15},
  pages={18--40},
  year={2003}
}

%%%%%%%%%%%%%%%%%%%%%%%%%%%%%%%%%%%%%%%%%%%%%%%%%%
%%%%%%%%%% B
%%%%%%%%%%%%%%%%%%%%%%%%%%%%%%%%%%%%%%%%%%%%%%%%%%

@article{benevides:2010.validating,
  title={Validating Modal Aspects of OntoUML Conceptual Models Using Automatically Generated Visual World Structures.},
  author={Benevides, Alessander Botti and Guizzardi, Giancarlo and Braga, Bernardo Ferreira Bastos and Almeida, Joao Paulo A},
  journal={J. UCS},
  volume={16},
  number={20},
  pages={2904--2933},
  year={2010}
}

@book{blair:2006.wittgenstein,
    title           = {Wittgenstein, Language, and Information: Back to the Rough Ground!},
    author          = {Blair, David C},
    year            = {2006},
    publisher       = {Springer}
}

%%%%%%%%%%%%%%%%%%%%%%%%%%%%%%%%%%%%%%%%%%%%%%%%%%
%%%%%%%%%% C
%%%%%%%%%%%%%%%%%%%%%%%%%%%%%%%%%%%%%%%%%%%%%%%%%%

@article{campos:2004.modelizacao,
    title           = {Modelização de Domínios de Conhecimento: Uma Investigação de Princípios Fundamentais},
    author          = {Campos, Maria Luiza de Almeida},
    journal         = {Ciência da Informação},
    volume          = {1},
    number          = {33},
    pages           = {22--32},
    year            = {2004},
    publisher       = {SciELO Brasil}
}

@article{campos:2012.taxonomia,
    title           = {Taxonomia e classificação: O Princípio da Categorização},
    journal         = {DataGramaZero - Revista de Ciência da Informação},
    volume          = {9},
    number          = {4},
    pages           = {},
    author          = {Campos, Maria Luiza de Almeida and Gomes, Hagar Espanha},
    year            = {2012}
}

@book{capra:1983.tao,
    title           = {O Tao da Física: Uma Exploração dos Paralelos entre a Física Moderna e o Misticismo Oriental},
    author          = {Capra, Fritjoff and Dias, Maria José Quelhas and Almeida, José Carlos},
    year            = {1983}
}

@article{carvalho:2013.categorizacao,
    author          = {Carvalho, Maria de Lourdes Guimarães de and Souza, Mariléia de},
    title           = {Categorização/Classificação},
    journal         = {Cadernos CESPUC},
    number          = {23},
    pages           = {13--18},
    year            = {2013}
}

@phdthesis{castro:2010.abordagem,
    title           = {Abordagem Linguística para a Modelagem Conceitual de Dados com Foco Semântico},
    author          = {Castro, Lúcia},
    year            = {2010},
    school          = {MSc Dissertation, Unirio, Rio de Janeiro}
}


@book{cougo:1997.modelagem,
    title           = {Modelagem Conceitual e Projeto de Banco de Dados},
    editor          = {Cougo, Paulo Sérgio},
    booktitle       = {Modelagem Conceitual e Projeto de Banco de Dados (Primeira edição)},
    publisher       = {Elsevier Editora Ltda.},
    edition         = {Primeira},
    address         = {Rio de Janeiro},
    year            = {1997},
    isbn            = {978-85-352-0158-1},
    doi             = {http://dx.doi.org/},
    url             = {http://www.sciencedirect.com/science/article/pii/B9788535201581500072}
}

@article{caixeta:2008.representacao,
  title={Representa{\c{c}}{\~a}o do conhecimento: hist{\'o}ria, sentimento e percep{\c{c}}{\~a}o/Representaci{\'o}n del conocimiento: historia, sentimiento y la percepci{\'o}n},
  author={Caixeta, Mario and Souza, Renato Rocha},
  journal={Informa{\c{c}}{\~a}o \& Informa{\c{c}}{\~a}o},
  volume={13},
  number={2},
  pages={34--55},
  year={2008}
}

@article{campos:2001.organizacao,
  title={A organiza{\c{c}}{\~a}o de unidades do conhecimento em hiperdocumentos: o modelo conceitual como um espa{\c{c}}o comunicacional para realiza{\c{c}}{\~a}o da autoria},
  author={Campos, Maria Luiza de Almeida},
  year={2001},
  publisher={Ci{\^e}ncia da Informa{\c{c}}{\~a}o}
}

@article{casti:1989.paradigms,
  title={Paradigms lost. Images of man in the mirror of science},
  author={Casti, John L},
  journal={New York: Morrow,| c1989},
  volume={1},
  year={1989}
}

%%%%%%%%%%%%%%%%%%%%%%%%%%%%%%%%%%%%%%%%%%%%%%%%%%
%%%%%%%%%% D
%%%%%%%%%%%%%%%%%%%%%%%%%%%%%%%%%%%%%%%%%%%%%%%%%%

@article{dahlberg:1978.fundamentos,
    title           = {Fundamentos Teórico-Conceituais da Classificação},
    author          = {Dahlberg, Ingetraut},
    journal         = {Revista de Biblioteconomia de Brasília},
    volume          = {6},
    number          = {1},
    pages           = {9--21},
    year            = {1978}
}

@article{dahlberg:1978.teoria,
    title           = {Teoria do conceito},
    author          = {Dahlberg, Ingetraut},
    journal         = {Ciência da informação},
    volume          = {7},
    number          = {2},
    year            = {1978}
}

@book{dodebei:2002.tesauro,
    title           = {Tesauro: linguagem de representação da memória documentária},
    author          = {Dodebei, Vera},
    year            = {2002},
    publisher       = {Intertexto}
}

@article{demello:2011.tecnica,
  title={T{\'e}cnica de inspe{\c{c}}{\~a}o baseada em checklist para identifica{\c{c}}{\~a}o de defeitos em diagramas de atividades},
  author={de Mello, Rafael M de and Massollar, Jobson L and Travassos, Guilherme H},
  journal={Simp{\'o}sio Brasileiro de Qualidade de Software},
  pages={168--177},
  year={2011}
}

@inproceedings{demello:2012.checklist,
  title={Checklist-Based Inspection Technique for Feature Models Review},
  author={de Mello, Rafael M and Teixeira, Eldanae N and Schots, Marcelo and Werner, Cl{\'a}udia ML and Travassos, Guilherme Horta},
  booktitle={Software Components Architectures and Reuse (SBCARS), 2012 Sixth Brazilian Symposium on},
  pages={140--149},
  year={2012},
  organization={IEEE}
}

@book{da:2006.mundo,
  title={O mundo dos sentidos em portugu{\^e}s: polissemia, sem{\^a}ntica e cogni{\c{c}}{\~a}o},
  author={da Silva, Augusto Soares},
  year={2006},
  publisher={Almedina}
}

%%%%%%%%%%%%%%%%%%%%%%%%%%%%%%%%%%%%%%%%%%%%%%%%%%
%%%%%%%%%% E
%%%%%%%%%%%%%%%%%%%%%%%%%%%%%%%%%%%%%%%%%%%%%%%%%%

@book{edelman:1995.biologia,
  title={Biologia da consci{\^e}ncia: as ra{\'\i}zes do pensamento},
  author={Edelman, Gerald M},
  year={1995},
  publisher={Lisboa: Instituto Piaget,[1995?]}
}

@article{engelkamp:1976,
    title           = {Satz und Bedeutung},
    author          = {Engelkamp, J.},
    journal         = {Kohlhammer Standards Psychologie},
    year            = {1976}
}

%%%%%%%%%%%%%%%%%%%%%%%%%%%%%%%%%%%%%%%%%%%%%%%%%%
%%%%%%%%%% F
%%%%%%%%%%%%%%%%%%%%%%%%%%%%%%%%%%%%%%%%%%%%%%%%%%

%%%%%%%%%%%%%%%%%%%%%%%%%%%%%%%%%%%%%%%%%%%%%%%%%%
%%%%%%%%%% G
%%%%%%%%%%%%%%%%%%%%%%%%%%%%%%%%%%%%%%%%%%%%%%%%%%

@phdthesis{guizzardi:2000.desenvolvimento,
    title           = {Desenvolvimento para e com reuso: Um estudo de caso no domínio de Vídeo sob Demanda},
    author          = {Guizzardi, Giancarlo},
    year            = {2000},
    school          = {Universidade Federal do Espírito Santo}
}

@phdthesis{guizzardi:2005.ontological,
  title={Ontological foundations for structural conceptual models},
  author={Guizzardi, Giancarlo},
  year={2005},
  publisher={CTIT, Centre for Telematics and Information Technology}
}

@book{gardner:1995.nova,
  title={Nova Ci{\^e}ncia da Mente, A-Uma Hist{\'o}ria da Revolu{\c{c}}{\~a}o Cognitiva Vol. 09},
  author={Gardner, Howard},
  year={1995},
  publisher={EdUSP}
}

%%%%%%%%%%%%%%%%%%%%%%%%%%%%%%%%%%%%%%%%%%%%%%%%%%
%%%%%%%%%% H
%%%%%%%%%%%%%%%%%%%%%%%%%%%%%%%%%%%%%%%%%%%%%%%%%%

@incollection{hoppenbrouwers:2005.fundamental,
    title           = {A fundamental view on the process of conceptual modeling},
    author          = {Hoppenbrouwers, SJBA and Proper, HA Erik and van der Weide, Th P},
    booktitle       = {Conceptual Modeling--ER 2005},
    pages           = {128--143},
    year            = {2005},
    publisher       = {Springer}
}

@mastersthesis{higuchi:2012.representaccao,
    title           = {Representação do Conhecimento e Modelagem Conceitual de Ontologia no Domínio da História do Brasil Contemporâneo},
    year            = {2012},
    author          = {Higuchi, Suemi},
    school          = {Univercidade Federal Fluminense},
    address	        = {Niteroi}
}

@book{heuser:2001.projeto,
  title={Projeto de banco de dados},
  author={Heuser, Carlos Alberto},
  year={2001},
  publisher={Sagra Luzzatto}
}

%%%%%%%%%%%%%%%%%%%%%%%%%%%%%%%%%%%%%%%%%%%%%%%%%%
%%%%%%%%%% I
%%%%%%%%%%%%%%%%%%%%%%%%%%%%%%%%%%%%%%%%%%%%%%%%%%

@book{iyer:1995.classificatory,
  title={Classificatory structures: Concepts, relations and representation},
  author={Iyer, Hemalata},
  volume={2},
  year={1995},
  publisher={Indeks Verlag}
}

%%%%%%%%%%%%%%%%%%%%%%%%%%%%%%%%%%%%%%%%%%%%%%%%%%
%%%%%%%%%% J
%%%%%%%%%%%%%%%%%%%%%%%%%%%%%%%%%%%%%%%%%%%%%%%%%%

@article{jannuzzi:2007.implicacoes,
    title           = {Implicações da Categorização e Indexação na Recuperação da Informação Tecnológica Contida em Documentos de Patentes},
    author          = {Jannuzzi, Anna Haydée Lanzillotti and Amorim, Rita de Cássia Rocha and De Souza, Cristina Gomes},
    journal         = {Ciência da Informação},
    volume          = {36},
    number          = {2},
    pages           = {27--34},
    year            = {2007},
    publisher       = {SciELO Brasil}
}

%%%%%%%%%%%%%%%%%%%%%%%%%%%%%%%%%%%%%%%%%%%%%%%%%%
%%%%%%%%%% K
%%%%%%%%%%%%%%%%%%%%%%%%%%%%%%%%%%%%%%%%%%%%%%%%%%

@techreport{kang:1990.feature,
	title			= {Feature-oriented domain analysis (FODA) feasibility study},
  	author			= {Kang, Kyo C and Cohen, Sholom G and Hess, James A and Novak, 	William E and Peterson, A Spencer},
  	year			= {1990},
    institution		= {DTIC Document}
}


@book{kant:1983.critica,
    author          = {Kant, Imanuel},
    title           = {Crítica da Razão Pura},
    publisher       = {Abril Cultural},
    series          = {Os Pensadores},
    address         = {São Paulo},
    edition         = {2\textordfeminine},
    year            = {1983},
    note           = {Trad. de Valério Ruim e Ou Baldo Moosnburger}
}


@article{kay:1971.taxonomy,
    title           = {Taxonomy and Semantic Contrast},
    author          = {Kay, Paul},
    journal         = {Language},
    volume          = {47},
    number          = {4},
    pages           = {pp. 866--887},
    year            = {1971},
    publisher       = {Linguistic Society of America},
    url             = {http://www.jstor.org/stable/412161},
    ISSN            = {00978507},
}

@book{koch:2006.desvendando,
    title           = {Desvendando os Segredos do Texto},
    author          = {Koch, Ingedore Grunfeld Villaça},
    year            = {2006},
    publisher       = {Editora Cortez}
}


%%%%%%%%%%%%%%%%%%%%%%%%%%%%%%%%%%%%%%%%%%%%%%%%%%
%%%%%%%%%% L
%%%%%%%%%%%%%%%%%%%%%%%%%%%%%%%%%%%%%%%%%%%%%%%%%%

@article{lima:2003.interfaces,
year = {2003},
title = {{Interfaces Entre a Ci\^encia da Informa{\c c}{\~a}o e a Ci\^encia Cognitiva}},
number = {1},
volume = {32},
author = {Gercina \^Angela Bor\'em Lima},
journal = {Ci\^encia da Informa{\c c}{\~a}o},
}

@article{lima:2007.categorizacao,
    title           = {Categorização Como um Processo Cognitivo},
    author          = {Lima, Gercina Ângela Borém},
    journal         = {Ciências e Cognição},
    volume          = {11},
    year            = {2007}
}

@article{lima:2010.apresentando,
    title           = {Modelos de Categorização: Apresentando o Modelo Clássico e o Modelo de Protótipos},
    author          = {Lima, Gercina Ângela Borém},
    journal         = {Perspectivas em Ciência da Informação},
    volume          = {15},
    number          = {2},
    pages           = {108--122},
    year            = {2010},
    publisher       = {SciELO Brasil}
}

@article{lindland:1994.understanding,
  	title={Understanding quality in conceptual modeling},
  	author={Lindland, Odd Ivar and Sindre, Guttorm and Solvberg, Arne},
  	journal={Software, IEEE},
  	volume={11},
  	number={2},
  	pages={42--49},
  	year={1994},
  	publisher={IEEE}
}

@inproceedings{leao:2012.construcao,
  title={Constru{\c{c}}{\~a}o de Modelos Conceituais a Partir de Textos com Apoio de Tipos Sem{\^a}nticos.},
  author={Le{\~a}o, Felipe and Diirr, Tha{\'\i}ssa and Bai{\~a}o, Fernanda Araujo and Revoredo, Kate},
  booktitle={ONTOBRAS-MOST},
  pages={260--265},
  year={2012},
  organization={Citeseer}
}

@article{lacerda:2012.linguagem,
  title={Linguagem e cogni{\c{c}}{\~a}o: categoriza{\c{c}}{\~a}o e significado das concep{\c{c}}{\~o}es de educadores sobre tecnologia digital},
  author={Lacerda, Naziozenio Antonio},
  year={2012},
  publisher={UFMG}
}

@book{loucopoulos:1992.conceptual,
  title={Conceptual modeling, databases, and CASE: an integrated view of information systems development},
  author={Loucopoulos, Peri and Zicari, Roberto},
  year={1992},
  publisher={John Wiley \& Sons, Inc.}
}

%%%%%%%%%%%%%%%%%%%%%%%%%%%%%%%%%%%%%%%%%%%%%%%%%%
%%%%%%%%%% M
%%%%%%%%%%%%%%%%%%%%%%%%%%%%%%%%%%%%%%%%%%%%%%%%%%

@book{machado:2009.projeto,
    title           = {Projeto de Banco de Dados: Uma Visão Prática},
    author          = {Machado, Felipe Nery Rodrigues and Abreu, Maurício Pereira de},
    year            = {2009},
    publisher       = {Érica},
    isbn            = {9788536502526},
    edition         = {16},
    pagetotal       = {318}
}

@book{medrado:2008.espelho,
    title           = {Espelho, Espelho Meu: Um Estudo Sociocognitivo Sobre a Conceptualização do Fazer Pedagógico em Narrativas de Professoras},
    author          = {Medrado, Betânia Passos},
    year            = {2008},
    publisher       = {Ed. Universitária da UFPE}
}

@article{minetto:2007.frameworks,
    title	        = {Frameworks para Desenvolvimento em PHP},
	author	        = {Minetto, Elton Luís},
	journal	        = {São Paulo: Novatec},
	year	        = {2007}
}

@book{mauss:1999.ensaios,
    title           = {Ensaios de sociologia},
    author          = {Mauss, Marcel},
    isbn            = {9788527301930},
    url             = {https://books.google.com.br/books?id=GcPGAAAACAAJ},
    year            = {1999},
    publisher       = {Perspectiva}
}

@incollection{moody:1998.improving,
  title={Improving the quality of entity relationship models—experience in research and practice},
  author={Moody, Daniel L and Shanks, Graeme G and Darke, Peta},
  booktitle={Conceptual Modeling--ER’98},
  pages={255--276},
  year={1998},
  publisher={Springer}
}


%%%%%%%%%%%%%%%%%%%%%%%%%%%%%%%%%%%%%%%%%%%%%%%%%%
%%%%%%%%%% N
%%%%%%%%%%%%%%%%%%%%%%%%%%%%%%%%%%%%%%%%%%%%%%%%%%

@article{navathe:1992.conceptual,
  	title={Conceptual Database Design--an Entity-Relationship Approach},
  	author={Navathe, Shamkant B and Batini, C and Ceri, S},
  	journal={Redwood City: Benjamin Cummings},
  	year={1992}
}

@article{nelson:2012.conceptual,
  	title={A conceptual modeling quality framework},
  	author={Nelson, H James and Poels, Geert and Genero, Marcela and Piattini, Mario},
  	journal={Software Quality Journal},
  	volume={20},
  	number={1},
  	pages={201--228},
  	year={2012},
  	publisher={Springer}
}

@article{nonato:2012.teoria,
  title={A teoria do conceito aplicada {\`a} determina{\c{c}}{\~a}o de links hipertextuais: considera{\c{c}}{\~o}es sobre modelagem conceitual},
  author={NONATO, Rafael dos Santos and LIMA, Gercina {\^A}ngela Bor{\'e}m de Oliveira},
  year={2012}
}

@article{nonato:2009.teoria,
  title={Teoria do conceito e hipertextos: uma proposta para determina{\c{c}}{\~a}o de relacionamentos em links conceituais},
  author={Nonatto, Rafael dos Santos  and Lima, Gercina Angela Borem de Oliveira},
  year={2009},
  publisher={UFMG}
}

%%%%%%%%%%%%%%%%%%%%%%%%%%%%%%%%%%%%%%%%%%%%%%%%%%
%%%%%%%%%% O
%%%%%%%%%%%%%%%%%%%%%%%%%%%%%%%%%%%%%%%%%%%%%%%%%%

@book{ogden:1923.meaning,
	title			= {The meaning of meaning},
    author			= {Ogden, Charles Kay and Richards, Ivor Armstrong and Malinowski, Bronislaw and Crookshank, Francis Graham},
    year			= {1923},
    publisher		= {Kegan Paul London}
}

%%%%%%%%%%%%%%%%%%%%%%%%%%%%%%%%%%%%%%%%%%%%%%%%%%
%%%%%%%%%% P
%%%%%%%%%%%%%%%%%%%%%%%%%%%%%%%%%%%%%%%%%%%%%%%%%%

@article{pato:2014.icone,
    title           ={{\'I}cone, {\'\i}ndice e s{\'\i}mbolo, Fundamentos para Ler e Organizar a Informa{\c{c}}{\~a}o em Imagens},
    author          ={Pato, Paulo Roberto Gomes},
    year            ={2014}
}

@article{pereira:2011.espaco,
    title           ={O Espaço e o Tempo como Intuições Puras: Um Estudo Acerca dos Argumentos Presentes nas Exposições Metafísicas da "Estetica Transcendental"},
    author          ={Pereira, Rômulo Martins},
    year            ={2011},
    journal         = "Ensaios Filosóficos",
    volume          = "3"
}

@book{piedade:1983.introducao,
    title           = {Introdução à Teoria da Classificação},
    author          = {Piedade, Maria Antonieta Requião},
    year            = {1983},
    publisher       = {Interciência}
}

@book{pignatari:2003.informacao,
    title           = {Informação. Linguagem. Comunicação},
    author          = {Pignatari, Décio},
    isbn            = {9788574800790},
    url             = {https://books.google.com.br/books?id=t7nZbLVR9mUC},
    year            = {2003},
    publisher       = {Ateli{\^e} Editorial}
}

@online{priberam:2015,
    author          = {Priberam},
    title           = {Conceito},
    month           = {jun},
    year            = {2015},
    url             = {http://www.priberam.pt/dlpo/conceito},
    urldate         = {2015-06-03}
}


%%%%%%%%%%%%%%%%%%%%%%%%%%%%%%%%%%%%%%%%%%%%%%%%%%
%%%%%%%%%% Q
%%%%%%%%%%%%%%%%%%%%%%%%%%%%%%%%%%%%%%%%%%%%%%%%%%

%%%%%%%%%%%%%%%%%%%%%%%%%%%%%%%%%%%%%%%%%%%%%%%%%%
%%%%%%%%%% R
%%%%%%%%%%%%%%%%%%%%%%%%%%%%%%%%%%%%%%%%%%%%%%%%%%

@phdthesis{rodrigues-leite:2005.construcao,
    title           = {A Construção Pública do Conhecimento: Linguagem e Interação na Cognição Social},
    author          = {Rodrigues-Leite, Jan Edson},
    year            = {2005},
    publisher       = {Universidade Federal de Pernambuco}
}

@article{rosch:1975.family,
    title           = "Family resemblances: Studies in the internal structure of categories ",
    journal         = "Cognitive Psychology ",
    volume          = "7",
    number          = "4",
    pages           = "573 - 605",
    year            = "1975",
    issn            = "0010-0285",
    doi             = "http://dx.doi.org/10.1016/0010-0285(75)90024-9",
    url             = "http://www.sciencedirect.com/science/article/pii/0010028575900249",
    author          = "Rosch,Eleanor  and Mervis, Carolyn B"
}

@article{rosch:1999.principles,
  title={Principles of categorization},
  author={Rosch, Eleanor},
  journal={Concepts: core readings},
  pages={189--206},
  year={1999},
  publisher={MIT Press Cambridge, MA}
}

@book{richardson:1985.pesquisa,
  title={Pesquisa social: m{\'e}todos e t{\'e}cnicas},
  author={Richardson, Roberto Jarry and Peres, Jos{\'e} Augusto and others},
  year={1985},
  publisher={Atlas S{\~a}o Paulo}
}

%%%%%%%%%%%%%%%%%%%%%%%%%%%%%%%%%%%%%%%%%%%%%%%%%%
%%%%%%%%%% S
%%%%%%%%%%%%%%%%%%%%%%%%%%%%%%%%%%%%%%%%%%%%%%%%%%

@article{santos:2010.apresentando,
    title           = {Wittgenstein e a Teoria dos Protótipos Sob a Ótica da Linguística Sociocognitiva},
    author          = {Santos, Ricardo Yamashita},
    journal         = {Linguasagem},
    volume          = {14},
    number          = {2},
    pages           = {},
    year            = {2010},
    publisher       = {SciELO Brasil}
}

@article{silva:2011.categorias,
    title           = {As Categorias e a Categorização Cognitiva Contemporânea: Enfoque Sobre os Olhares da Biblioteconomia e Ciência da Informação e das Ciências Cognitivas},
    author          = {Silva, Alessandra Rodrigues da and Lima, Gercina Ângela Borém},
    journal         = {Revista Interamericana de Bibliotecolog{\'\i}a},
    volume          = {34},
    number          = {3},
    pages           = {301--312},
    year            = {2011},
    publisher       = {Universidad de Antioquia}
}

@article{sayao:2001.modelos,
    title           = {Modelos Teóricos em Ciência da Informação: Abstração e Método Científico},
    author          = {Say{\~a}o, Lu{\'\i}s Fernando},
    journal         = {Ci{\^e}ncia da informa{\c{c}}ao},
    volume          = {30},
    number          = {1},
    pages           = {82--91},
    year            = {2001},
    publisher       = {SciELO Brasil}
}

@article{smolka:1993.construcao,
   title = {Construção de conhecimento e produção de sentido: significação e processos dialógicos},
   journal = {{Temas em Psicologia}},
   author={Smolka, Ana Luiza B},
   ISSN = {1413-389X},
   language = {pt},
   URL = {http://pepsic.bvsalud.org/scielo.php?script=sci_arttext&pid=S1413-389X1993000100003&nrm=iso},
   volume = {1},
   year = {1993},
   month = {04},
   pages = {7 - 15},
   publisher = {scielopepsic},
   }

@article{saracevic:2008.ciencia,
  title={Ci{\^e}ncia da informa{\c{c}}{\~a}o: origem, evolu{\c{c}}{\~a}o e rela{\c{c}}{\~o}es},
  author={Saracevic, Tefko},
  journal={Perspectivas em ci{\^e}ncia da informa{\c{c}}{\~a}o},
  volume={1},
  number={1},
  year={2008}
}

@article{souza:1998.discurso,
	author = {Tania Souza},
	title = {Discurso e imagem: Perspectivas de análise não verbal},
	journal = {Ciberlegenda},
	volume = {0},
	number = {01},
	year = {1998},
	issn = {1519-0617},	
}

@misc{silva:2011.fala,
      author 		= {Márcia Gleice Tracaioly da Silva and Rosiclene Batista Rodrigues},
      title 		= {FALA E ESCRITA: A IMPORTANCIA DA COMUNICAÇÃO CONTEMPORÂNEA},
      month 		= {Setembro},
      year 			= {2015},
      url 			= {http://www.recantodasletras.com.br/artigos/3011521}
},

%%%%%%%%%%%%%%%%%%%%%%%%%%%%%%%%%%%%%%%%%%%%%%%%%%
%%%%%%%%%% T
%%%%%%%%%%%%%%%%%%%%%%%%%%%%%%%%%%%%%%%%%%%%%%%%%%

@article{thagard:2005.atoms,
    title           = {Atoms, categorization and conceptual change},
    author          = {Thagard, Paul and Toombs, Ethan},
    journal         = {Handbook of categorization in cognitive science},
    pages           = {243--254},
    year            = {2005},
    publisher       = {Citeseer}
}

@article{teeuw:1997.quality,
    title={On the quality of conceptual models},
    author={Teeuw, WB and Van den Berg, H},
    journal={Proceedings of the ER},
    volume={97},
    pages={6--7},
    year={1997}
}

%%%%%%%%%%%%%%%%%%%%%%%%%%%%%%%%%%%%%%%%%%%%%%%%%%
%%%%%%%%%% U
%%%%%%%%%%%%%%%%%%%%%%%%%%%%%%%%%%%%%%%%%%%%%%%%%%

%%%%%%%%%%%%%%%%%%%%%%%%%%%%%%%%%%%%%%%%%%%%%%%%%%
%%%%%%%%%% V
%%%%%%%%%%%%%%%%%%%%%%%%%%%%%%%%%%%%%%%%%%%%%%%%%%

@book{vickery:1980.classificacao,
    author          = {Vickery, Brian Campbell},
    title           = {Classificação e Indexação nas Ciências},
    publisher       = {BNG/Brasilart},
    address         = {Rio de Janeiro},
    pages           ={187--224},
    year            = {1980}
}

%%%%%%%%%%%%%%%%%%%%%%%%%%%%%%%%%%%%%%%%%%%%%%%%%%
%%%%%%%%%% W
%%%%%%%%%%%%%%%%%%%%%%%%%%%%%%%%%%%%%%%%%%%%%%%%%%

@article{wainer:2007.metodos,
	title			= {M{\'e}todos de pesquisa quantitativa e qualitativa para a Ci{\^e}ncia da Computa{\c{c}}{\~a}o},
  	author			= {Wainer, Jacques},
  	journal			= {Atualiza{\c{c}}{\~a}o em Inform{\'a}tica. Org: Tomasz Kowaltowski; Karin Breitman. Rio de Janeiro: Ed. PUC-Rio},
  	year			= {2007}
}


@article{wand:1990.ontological,
	title			= {An ontological model of an information system},
  	author			= {Wand, Yair and Weber, Ron},
  	journal			= {Software Engineering, IEEE Transactions on},
  	volume			= {16},
  	number			= {11},
  	pages			= {1282--1292},
  	year			= {1990},
  	publisher		= {IEEE}
}

%%%%%%%%%%%%%%%%%%%%%%%%%%%%%%%%%%%%%%%%%%%%%%%%%%
%%%%%%%%%% Y
%%%%%%%%%%%%%%%%%%%%%%%%%%%%%%%%%%%%%%%%%%%%%%%%%%

%%%%%%%%%%%%%%%%%%%%%%%%%%%%%%%%%%%%%%%%%%%%%%%%%%
%%%%%%%%%% X
%%%%%%%%%%%%%%%%%%%%%%%%%%%%%%%%%%%%%%%%%%%%%%%%%%

%%%%%%%%%%%%%%%%%%%%%%%%%%%%%%%%%%%%%%%%%%%%%%%%%%
%%%%%%%%%% Z
%%%%%%%%%%%%%%%%%%%%%%%%%%%%%%%%%%%%%%%%%%%%%%%%%%














































